@article{coecke2011interacting,
  title={Interacting quantum observables: categorical algebra and diagrammatics},
  author={Coecke, Bob and Duncan, Ross},
  journal={New Journal of Physics},
  volume={13},
  number={4},
  pages={043016},
  year={2011},
  publisher={IOP Publishing}
}

@article{van2021quantum,
  title={Quantum Theory from Principles, Quantum Software from Diagrams},
  author={van de Wetering, John},
  journal={arXiv preprint arXiv:2101.03608},
  year={2021}
}

@article{kissinger2019pyzx,
  title={Pyzx: Large scale automated diagrammatic reasoning},
  author={Kissinger, Aleks and van de Wetering, John},
  journal={arXiv preprint arXiv:1904.04735},
  year={2019}
}

@article
{https://www.mathsisfun.com/algebra/vector-unit.html}

http://people.math.harvard.edu/~jjchen/math21a/handouts/vector-ops.html#subsection-13

https://www.youtube.com/watch?v=2Dusn4d3oYs
